@article{kvam2006logistic,
  title={A logistic regression/{Markov} chain model for {NCAA} basketball},
  author={Kvam, P. and Sokol, J. S.},
  journal={Naval Research Logistics {(NrL)}},
  volume={53},
  number={8},
  pages={788--803},
  year={2006},
  publisher={Wiley Online Library}
}

@article{brown2010improved,
	title={An improved {LRMC} method for {NCAA} basketball prediction},
	author={Brown, M. and Sokol, J. S.},
	journal={Journal of Quantitative Analysis in Sports},
	volume={6},
	number={3},
	publisher={De Gruyter}
}

@online{matuszewski2011bet,
	author = {Matuszewski, E.},
	title = {{March Madness} Gambling Brings Out Warnings From {NCAA} to Players},
	year = {2011},
	url = {https://www.bloomberg.com/news/articles/2011-03-17/march-madness-gambling-brings-out-warnings-from-ncaa-to-tournament-players},
	urldate = {2018-07-30}
}

@article{yuan2015mixture,
	title={A mixture-of-modelers approach to forecasting NCAA tournament outcomes},
	author={Yuan, L. and Liu, A. and Yeh, A. and Kaufman, A. and Reece, A. and Bull, P. and Franks, A. and Wang, S. and Illushin, D. and Bornn, L.},
	journal={Journal of Quantitative Analysis in Sports},
	volume={11},
	number={1},
	pages={13--27},
	year={2015},
	publisher={De Gruyter}
}

@article{zimmermann2013predicting,
	title={Predicting college basketball match outcomes using machine learning techniques: some results and lessons learned},
	author={Zimmermann, A. and Moorthy, S. and Shi, Z.},
	journal={arXiv preprint arXiv:1310.3607},
	year={2013}
}

@online{masseyRating,
	author = {Massey, K.},
	title = {College Basketball Ranking Composite},
	year = {1999},
	url = {https://www.masseyratings.com/theory/massey.htm},
	urldate = {2018-07-30}
}

@online{sagarinRating,
	author = {Sagarin, J.},
	title = {Jeff Sagarin's College Basketball Ratings},
	year = {2018},
	url = {(http://sagarin.com/sports/cbsend.htm},
	urldate = {2018-07-30}
}